@CONFERENCE{gupta,
    AUTHOR  = "R. Gupta and A. K. Somani",
    TITLE   = "Reputation Management Framework and its use as Currency in Large-Scale Peer-to-Peer Networks",
    ORGANIZATION = "P2P",
    NOTE    = "Fourth International Conference on Peer-to-Peer Computing",
    YEAR    = "2004",
    VOLUME  = "12",
    PAGES   = "591-613"
}

@ARTICLE{feldman,
    AUTHOR  = "M. Feldman and J. Chuang",
    TITLE   = "Overcoming Free-Riding Behavior in Peer-to-Peer Systems",
    JOURNAL = "ACM SIGecom Exchanges",
    MONTH   = "July",
    YEAR    = "2004",
    VOLUME  = "5",
    NUMBER  = "4"
}

@CONFERENCE{sirivianos,
    AUTHOR  = "M. Sirivianos and J. Han Park and X. Yang and S. Jarecki",
    TITLE   = "Dandelion: Cooperative Content Distribution with Robust Incentives",
    ORGANIZATION = "ATC",
    NOTE    = "USENIX Annual Technical Conference",
    YEAR    = "2007"
}

@ARTICLE{vishnumurthy,
    AUTHOR  = "V. Vishnumurthy and Sa. Chandrakumar and E. Gun Sirer",
    TITLE   = "KARMA : A Secure Economic Framework for Peer-to-Peer Resource Sharing",
    NOTE    = "In Workshop on the Economics of Peer-to-Peer Systems",
    YEAR    = "2003"
}

@ARTICLE{garcia,
    AUTHOR  = "F. D. Garcia and J. Hoepman",
    TITLE   = "Off-line Karma: A Decentralized Currency for Peer-to-peer and Grid Applications",
    JOURNAL = "Security",
    NUMBER  = "3531",
    YEAR    = "2005",
    PAGES   = "364-377"
}

@CONFERENCE{xiong,
    AUTHOR  = "Li Xiong and Ling Liu",
    TITLE   = "A Reputation-Based Trust Model for Peer-to-Peer eCommerce Communities",
    ORGANIZATION = "ACM",
    NOTE    = "EC '03 Proceedings of the 4th ACM conference on Electronic commerce",
    YEAR    = "2003"
}

@ARTICLE{milano,
    AUTHOR  = "D. Milano and M. Scannapieco and T. Catarci",
    TITLE   = "Design and Implementation of a Peer-to-Peer Data Quality Broker",
    JOURNAL = "International Journal of Enterprise Information Systems",
    VOLUME  = "3",
    YEAR    = "2007"
}

@CONFERENCE{kamvar,
    AUTHOR  = "S. D. Kamvar and M. Schlosser and H. Garcia-Molina",
    TITLE   = "The EigenTrust Algorithm for Reputation Management in P2P Networks",
    ORGANIZATION = "WWW",
    NOTE    = "WWW '03 Proceedings of the 12th international conference on World Wide Web",
    YEAR    = "2003"
}

@CONFERENCE{oualha,
    AUTHOR  = "N. Oualha and Y. Roudier",
    TITLE   = "Securing P2P Storage with a Self-organizing Payment Scheme",
    ORGANIZATION = "SETOP",
    YEAR    = "2010",
    MONTH   = "September",
    NOTE    = "3rd International Workshop on Autonomous and Spontaneous Security"
}

@CONFERENCE{martalo,
    AUTHOR  = "M. Martalo and M. Picone and M. Amoretti and G. Ferrari and R. Raheli",
    TITLE   = "Randomized Network Coding in Distributed Storage Systems with Layered Overlay",
    YEAR    = "2011",
    MONTH   = "February",
    NOTE    = "Information Theory and Applications Workshop (ITA), 2011"
}

@ARTICLE{maymounkov,
    AUTHOR = "Petar Maymounkov and David Mazieres",
    TITLE = "Kademlia: A Peer-to-peer Information System Based on the XOR Metric",
    YEAR = "2002"
}

@ARTICLE{shamir,
    AUTHOR = "Adi Shamir",
    TITLE = "How to share a secret",
    JOURNAL = "Communications of the ACM",
    VOLUME  = "22",
    YEAR = "1979"
}
